%%%%%%%%%%%%%%%%%%%%%%%%%%%%%%%%%%%%%%%%%%%%%%%%%%%%%%%%%%%
%
% STRINGS.
%
% Abbreviation look up: https://cassi.cas.org/
%
%%%%%%%%%%%%%%%%%%%%%%%%%%%%%%%%%%%%%%%%%%%%%%%%%%%%%%%%%%%

% Journal names.
@string(TRANSMATHSOFT	= "ACM T Math Software")							% ACM Transactions on Mathematical Software

@string(CODEPROJ		= "Code Project")				  					% Code Project
@string(CANM			= "Commun Appl Numer M")							% Communications in Applied Numerical Methods
@string(CNME			= "Commun Numer Meth Eng")							% Communications in Numerical Methods in Engineering
@string(CMAPME			= "Comput Method Appl M")							% Computer Methods in Applied Mechanics and Engineering
@string(COMPSTRUCT		= "Comput Struct")									% Computers and Structures
@string(COMPVISLSCI		= "Comput Visual Sci")								% Computing and Visualization in Science

@string(ENGCOMP			= "Eng Comput")										% Engineering with Computers

@string(IEEEAP			= "IEEE Antennas Propag")							% IEEE Antennas and Propagation Magazine
@string(IEEESE			= "IEEE Transactions on Software Engineering")		%IEEE Transactions on Software Engineering
@string(IMPCOMPSCIENG	= "IMPACT Comput Sci Eng")
@string(IJNME			= "Int J Numer Meth Eng")							% International Journal for Numerical Methods in Engineering

@string(IJRMMSGA		= "Int J Rock Mech Min Sci \& Geomech")				% International Journal of Rock Mechanics and Mining Science & Geomechanics Abstracts

@string(JCAM			= "J Comput Appl Math")								% Journal of Computational and Applied Mathematics
@string(JERT			= "J Energ Resour-ASME")							% Journal of Energy Resource Technology
@string(JEM				= "J Eng Mech-ASCE")								% Journal of Engineering Mechanics-ASCE
@string(JEMD			= "J Eng Mech Div-ASCE")							% Journal of the Engineering Mechanics Division-ASCE
@string(JPT				= "J Petrol Technol")								% Journal of Petroleum Technology
@string(JSOUNDVIB		= "J Sound Vib")									% Journal of Sound and Vibration
@string(JVA				= "J Vib Acoust")									% ASME Journal of Vibration & Acoustics

@string(MATHCOMP		= "Math Comput")									% Mathematics Of Computation

@string(SIAMJNA			= "SIAM J Numer Anal")								% SIAM Journal on Numerical Analysis
@string(SHOCKANDVIB		= "Shock and Vibration")							% Hindawi Shock and Vibration
@string(SPEJ			= "Soc Petrol Eng J")								% Society of Petroleum Engineers Journal
@string(SPEDRILLCOMP	= "SPE Drilling \& Completion")						% SPE Drilling & Completion
@string(SPEDRILLING		= "SPE Drilling Engineering")						% SPE Drilling Engineering


% Organizations.
@string(ASME			= "American Society of Mechanical Engineers")
@string(IADC			= "International Association of Drilling Contractors")
@string(IEEE			= "Institute of Electrical and Electronics Engineers")
@string(SIAM			= "Society for Industrial and Applied Mathematics")
@string(SPE				= "Society of Petroleum Engineers")
@string(IADCSPE			= "International Association of Drilling Contractors/Society of Petroleum Engineers")
@string(SPEIADC			= "International Association of Drilling Contractors/Society of Petroleum Engineers")

% Conference names.
@string(ABUDHABIINTERNATIONALPETROLEUM		= "Abu Dhabi International Petroleum Exhibition and Conference")
@string(AIAASTRUCTCONFERENCE				= "AIAA Structures, Structural Dynamics and Materials Conference")
@string(ASMEENERGYTECHCONFERENCE			= "ASME Energy Sources Technology Conference and Exhibition")
@string(IEEECONTROLAPPS						= "IEEE Conference on Control Applications")
@string(IMPE								= "International Meeting on Petroleum Engineering")
@string(SPEDRILLINGCONFERENCE				= "IADC/SPE Drilling Conference")
@string(SPEDRILLINGCONFERENCEEXHBITION		= "SPE Drilling Conference and Exhibition")
@string(SPEIADCDRILLINGCONFERENCEEXHBITION	= "SPE/IADC Drilling Conference and Exhibition")
@string(SPEANNUALTECHCONFERENCE				= "SPE Annual Technical Conference and Exhibition")
@string(SPEASIATECHCONFERENCE				= "IADC/SPE Asia Pacific Drilling Technology Conference and Exhibition")
@string(SPEIADCMIDDLEEASTDRILLINGCONFERENCE = "SPE/IADC Middle East Drilling Technology Conference and Exhibition")


% Publisher names.
@string(ACMPRESS		= "ACM Press")
@string(ADDISONWESLEY	= "Addison-Wesley")
@string(DOVER			= "Dover Publications")
@string(ELSEVIER		= "Elsevier")
@string(JOHNWILEY		= "John Wiley \& Sons")
@string(MCGRAWHILL		= "McGraw Hill")
@string(PEARSON			= "Pearson Education")
@string(PETEX			= "Petroleum Extension Service, The University of Texas at Austin")
@string(HINDAWI			= "Hindawi")
